<record><leader>00000cas a22000007a 4500</leader><controlfield tag="001">22583196</controlfield><controlfield tag="008">901025c19899999mnuwr ne      0    0eng d</controlfield><datafield ind1=" " ind2=" " tag="010"><subfield code="a">sn 90060638 </subfield></datafield><datafield ind1=" " ind2=" " tag="040"><subfield code="a">MN#</subfield><subfield code="b">eng</subfield><subfield code="c">MN#</subfield><subfield code="d">OCLCQ</subfield><subfield code="d">OCLCF</subfield><subfield code="d">OCLCO</subfield></datafield><datafield ind1="1" ind2=" " tag="029"><subfield code="a">AU@</subfield><subfield code="b">000025909309</subfield></datafield><datafield ind1=" " ind2=" " tag="042"><subfield code="a">msc</subfield></datafield><datafield ind1=" " ind2=" " tag="043"><subfield code="a">n-us-mn</subfield></datafield><datafield ind1=" " ind2=" " tag="052"><subfield code="a">4144</subfield><subfield code="b">N28</subfield></datafield><datafield ind1=" " ind2=" " tag="052"><subfield code="a">4143</subfield><subfield code="b">H8</subfield></datafield><datafield ind1="0" ind2=" " tag="130"><subfield code="a">Northwoods press (Nevis, Minn. : 1989)</subfield></datafield><datafield ind1="1" ind2="0" tag="245"><subfield code="a">Northwoods press.</subfield></datafield><datafield ind1=" " ind2=" " tag="260"><subfield code="a">Nevis, MN :</subfield><subfield code="b">Olson Communications,</subfield><subfield code="c">1989-</subfield></datafield><datafield ind1=" " ind2=" " tag="300"><subfield code="a">v.</subfield></datafield><datafield ind1=" " ind2=" " tag="310"><subfield code="a">Weekly</subfield></datafield><datafield ind1="0" ind2=" " tag="362"><subfield code="a">Vol. 28, no. 35 (Aug. 31, 1989)-</subfield></datafield><datafield ind1=" " ind2=" " tag="530"><subfield code="a">Available on microfilm from the Minnesota Historical Society.</subfield></datafield><datafield ind1=" " ind2="0" tag="651"><subfield code="a">Nevis (Minn.)</subfield><subfield code="v">Newspapers.</subfield></datafield><datafield ind1=" " ind2="7" tag="655"><subfield code="a">Newspapers.</subfield><subfield code="2">fast</subfield><subfield code="0">(OCoLC)fst01423814</subfield></datafield><datafield ind1=" " ind2="7" tag="651"><subfield code="a">Minnesota</subfield><subfield code="z">Nevis.</subfield><subfield code="2">fast</subfield><subfield code="0">(OCoLC)fst01238786</subfield></datafield><datafield ind1=" " ind2=" " tag="752"><subfield code="a">United States</subfield><subfield code="b">Minnesota</subfield><subfield code="c">Hubbard</subfield><subfield code="d">Nevis.</subfield></datafield><datafield ind1="0" ind2="0" tag="780"><subfield code="t">Independent (Nevis, Minn.)</subfield><subfield code="w">(DLC)sn 90060636</subfield></datafield></record>